00571cas a22002291a 4500
001 999298293502836
003 Nz
005 20161223153029.0
008 040106c19099999nz  r ne      0   0 eng d
035    $a (NLNZils)929829
035    $a (Nz)8164647
035    $a (NLNZils)929829-ilsdb
035    $a (OCoLC)173421753
040    $a WN $c WN
042    $a nznb
043    $a u-nz---
245 00 $a Mairoa rag.
260    $a [Mairoa, N.Z. : $b s.n., $c 1909-]
310    $a Monthly
362 0  $a 1909 Aug.7-
651  0 $a Mairoa (N.Z.) $v Newspapers.
655  7 $a New Zealand newspapers. $2 local $5 Nz
